@book{dickson1952, 
    author = {Dickson, L. E.},
    title = {History of the Theory of Numbers},
    publisher = {Carnegie Institute of Washington},
    year = {1952},
    volume = {2}
}

@webpage{wiki:fermat,
    title = {Fermat's Last Theorem},
    url = {https://en.wikipedia.org/wiki/Fermat%27s_Last_Theorem},
    lastchecked = {2024-12-08}
}

@webpage{blog:fengshui-manhattan,
    title = {Feng Shui Tip: Oranges Bring "Good Luck"},
    url = {https://fengshuimanhattan.com/blog/2016/2/10/feng-shui-tip-oranges-bring-good-luck},
    lastchecked = {2024-12-08},
    date = {2016-02-10}
}

@webpage{chow2020, 
    title = {The cultural significance of mandarin oranges},
    url = {https://www.monash.edu.my/news-and-events/trending/the-cultural-significance-of-mandarin-oranges},
    date = {2020-02-24},
    lastchecked = {2024-12-08}
}

@webpage{wiki:chinese-numerology,
    title = {Chinese Numerology},
    url = {https://en.wikipedia.org/wiki/Chinese_numerology},
    lastchecked = {2024-12-08}
}

@webpage{blog:ewe2024
    title = {Whatâ€™s So Special About Mandarin Oranges During Lunar New Year?},
    url = {https://time.com/6594986/mandarin-oranges-chinese-new-year-history-significance-luck/},
    lastchecked = {2024-12-08},
    author = {K. Ewe},
    date = {2024-02-02}
}